@ARTICLE{ Chor84:1,
		  TITLE = "A Knapsack Type Public Key Cryptosystem Based On Arithmetic in Finite Fields",
		  AUTHOR = "Chor, B. and R.L. Rivest",
		  JOURNAL = "Advances in Cryptology: Proceedings of CRYPTO 84",
		  YEAR = "1985",
		  PAGES = "54-65",
		  }

@ARTICLE{ Bose:2,
		  TITLE = "Theorems in the Additive Theory of Numbers",
		  AUTHOR = "Bose, R.C. and S. Chowla",
		  JOURNAL = "Comment. Mth. Helvet.",
		  YEAR = "1962",
		  VOLUME = "37",
		  PAGES = "141-147",
		  }

}@article{analysis:3,
author = {F. Brickell, Ernest and M. Odlyzko, Andrew},
year = {1988},
month = {06},
pages = {578 - 593},
title = {Cryptanalysis: A survey of recent results},
volume = {76},
booktitle = {Proceedings of the IEEE}
}

@article{safer:4,
author = {E. Hernandez, L. and M. Masque, J. and D. Araceli},
year = {2008},
pages = {2883-2886},
title = {Safer parameters for the Chorâ€“Rivest cryptosystem},
volume = {56},
booktitle = {Computers & Mathematics with Applications}
}

@InProceedings{breaking:5,
author="Vaudenay, Serge",
editor="Krawczyk, Hugo",
title="Cryptanalysis of the Chor-Rivest cryptosystem",
booktitle="Advances in Cryptology -- CRYPTO '98",
year="1998",
publisher="Springer Berlin Heidelberg",
address="Berlin, Heidelberg",
pages="243--256",

}

@INBOOK{ modern:6,
	AUTHOR = "Gilbert, W.J.",
	TITLE = "Modern Algebra with Applications",
	PUBLISHER = "New York: John Wiley and Sons",
	YEAR = "1976",
	CHAPTER = "Field Extensions",
	PAGES = "218-232",
	}
@INBOOK{ numcry:7,
	AUTHOR = "N. Koblitz",
	TITLE = "A Course in Number Theory and Cryptography",
	PUBLISHER = "Springer-Verlag",
	YEAR = "1994",
	CHAPTER = "4 Knapsack",
	PAGES = "111-115"
	}	

@inbook{hac:8,
 author = {Menezes, Alfred J. and Vanstone, Scott A. and Oorschot, Paul C. Van},
 title = {Handbook of Applied Cryptography},
 year = {1996},
 isbn = {0849385237},
 edition = {1st},
 publisher = {CRC Press, Inc.},
 address = {Boca Raton, FL, USA},
 chapter = "Public-Key Encryption",
 pages = "302-306"
} 

@INPROCEEDINGS{survey:9,
    author = {A. M. Odlyzko},
    title = {The rise and fall of knapsack cryptosystems},
    booktitle = {In Cryptology and Computational Number Theory},
    year = {1990},
    pages = {75--88},
    publisher = {A.M.S}
}

@ARTICLE{Merkle:10,
author={R. Merkle and M. Hellman},
journal={IEEE Transactions on Information Theory},
title={Hiding information and signatures in trapdoor knapsacks},
year={1978},
volume={24},
number={5},
pages={525-530},
}

@book{Shamir:11,
author = {A. Shamir and R. Zippel},
title = {On the Security of the Merkle-Hellman Cryptographic Scheme},
publisher = {M.I.T. / Lab for Computer Science},
address = {Cambridge, Massachusetts 02139},
year = {1978},
month = {December},
}